@misc{raspberrypi_config,
	title = {Configuration},
	author = {Raspberry Pi Documentation},
	url = {https://www.raspberrypi.com/documentation/computers/configuration.html},
	year = {2021},
	note = {Accessed on 2024-01-22} 
}

@misc{pihole,
  title = {Pi-hole: A black hole for Internet advertisements},
  url = {https://pi-hole.net/},
  note = {Accessed: 2024-01-22}
}

@misc{weatherstation, 
	title = {Weather-Station}, 
	author = {EWU-IEEE-Spokane}, 
	year = {2024}, 
	url = {https://github.com/EWU-IEEE-Spokane/Weather-Station}, 
	note = {Accessed: 2024-01-22} 
}

@misc{ti_ek_tm4c123gxl,
  title = {EK-TM4C123GXL Evaluation board},
  author = {Texas Instruments},
  url = {https://www.ti.com/tool/EK-TM4C123GXL},
  note = {Accessed: 2024-01-22}
}

@misc{lybbert2023,
  author = {Lybbert, Jaidon},
  title = {Kitchen Timer},
  year = {2023},
  howpublished = {\url{https://github.com/jaidonlybbert/EENG462/blob/main/Labs/Final/jjlybbertFinal/jjlybbertFinal.ino}},
  note = {Accessed: 2024-01-22}
}

@misc{sorter_project,
  title = {EWU-IEEE-Spokane/Sorter-Project},
  author = {Jaidon Lybbert and Cody Birkland and sirchicdbruk and msheldon1986edu},
  year = {2020},
  url = {https://github.com/EWU-IEEE-Spokane/Sorter-Project},
  note = {Accessed: 2024-01-22}
}

@misc{mixed_precision,
  author = {Jaidon Lybbert},
  title = {Mixed-precision Block QR},
  year = {2020},
  howpublished = {GitHub repository},
  url = {https://github.com/jaidonlybbert/MixedPrecisionBlockQR}
}

@misc{lybbert2024classwork,
  title={Classwork for Embedded and Real-Time Systems, University of Washington, Winter 2024},
  author={Lybbert, Jaidon},
  year={2024},
  howpublished={\url{https://github.com/jaidonlybbert/EEP522A-W24}},
  note={Accessed: 2024-01-23}
}

@misc{rust_installation,
  title = {Installation},
  author = {The Rust Project Developers},
  url = {https://www.rust-lang.org/learn/get-started},
  note = {Accessed: 2024-01-23}
}

@misc{zig-bootstrap, 
	title = {Zig Bootstrap}, 
	author = {Andrew Kelley and Zig Contributors}, 
	year = {2021}, 
	url = {https://github.com/ziglang/zig-bootstrap}, 
	note = {Accessed: 2024-01-23} 
}



