@misc{raspberrypi_config,
	title = {Configuration},
	author = {Raspberry Pi Documentation},
	howpublished = {\url{https://www.raspberrypi.com/documentation/computers/configuration.html}},
	year = {2021},
	note = {Accessed on 2024-01-22} 
}

@misc{pihole,
  title = {Pi-hole: A black hole for Internet advertisements},
  howpublished = {\url{https://pi-hole.net/}},
  note = {Accessed: 2024-01-22}
}

@misc{weatherstation, 
	title = {Weather-Station}, 
	author = {EWU-IEEE-Spokane}, 
	year = {2024}, 
	howpublished = {\url{https://github.com/EWU-IEEE-Spokane/Weather-Station}}, 
	note = {Accessed: 2024-01-22} 
}

@misc{ti_ek_tm4c123gxl,
  title = {EK-TM4C123GXL Evaluation board},
  author = {Texas Instruments},
  howpublished = {\url{https://www.ti.com/tool/EK-TM4C123GXL}},
  note = {Accessed: 2024-01-22}
}

@misc{lybbert2023,
  author = {Lybbert, Jaidon},
  title = {Kitchen Timer},
  year = {2023},
  howpublished = {\url{https://github.com/jaidonlybbert/EENG462/blob/main/Labs/Final/jjlybbertFinal/jjlybbertFinal.ino}},
  note = {Accessed: 2024-01-22}
}

@misc{sorter_project,
  title = {EWU-IEEE-Spokane/Sorter-Project},
  author = {Jaidon Lybbert and Cody Birkland and sirchicdbruk and msheldon1986edu},
  year = {2020},
  howpublished = {\url{https://github.com/EWU-IEEE-Spokane/Sorter-Project}},
  note = {Accessed: 2024-01-22}
}

@misc{mixed_precision,
  author = {Jaidon Lybbert},
  title = {Mixed-precision Block QR},
  year = {2020},
  howpublished = {GitHub repository},
  url = {https://github.com/jaidonlybbert/MixedPrecisionBlockQR}
}

@misc{lybbert2024classwork,
  title={Classwork for Embedded and Real-Time Systems, University of Washington, Winter 2024},
  author={Lybbert, Jaidon},
  year={2024},
  howpublished={\url{https://github.com/jaidonlybbert/EEP522A-W24}},
  note={Accessed: 2024-01-23}
}

@misc{rust_installation,
  title = {Installation},
  author = {The Rust Project Developers},
  howpublished = {\url{https://www.rust-lang.org/learn/get-started}},
  note = {Accessed: 2024-01-23}
}

@misc{zig-bootstrap, 
	title = {Zig Bootstrap}, 
	author = {Andrew Kelley and Zig Contributors}, 
	year = {2021}, 
	howpublished = {\url{https://github.com/ziglang/zig-bootstrap}}, 
	note = {Accessed: 2024-01-23} 
}

@misc{kickstart,
  title = {Kickstart.nvim: A Neovim configuration template},
  author = {Christian Chiarulli},
  year = {2021},
  howpublished = {\url{https://github.com/ChristianChiarulli/kickstart.nvim}},
  note = {Accessed: 2024-01-25}
}

@techreport{nvidia_turing,
  title = {NVIDIA Turing GPU Architecture},
  author = {NVIDIA Corporation},
  year = {2018},
  url = {https://www.nvidia.com/content/dam/en-zz/Solutions/design-visualization/technologies/turing-architecture/NVIDIA-Turing-Architecture-Whitepaper.pdf},
  institution = {NVIDIA Corporation}
}

@misc{pyvideocore6, 
	title = {py-videocore6: A Python library for GPGPU programming on Raspberry Pi 4}, 
	author = {nineties}, year = {2021}, 
	howpublished = {\url{https://github.com/nineties/py-videocore6}}, 
	note = {Accessed: 2024-01-30} 
}

@misc{rijnders2021v3dlib,
  title={V3DLib: A C++ library for creating programs to run on the VideoCore GPU's of all versions of the Raspberry Pi},
  author={Rijnders, Wim},
  year={2021},
  howpublished={\url{https://github.com/wimrijnders/V3DLib}},
  note={Accessed: 2024-01-30}
}

@misc{QPULib, 
	title = {QPULib: A Programming Language and Compiler for the Raspberry Pi’s Quad Processing Units}, 
	author = {Matthew Naylor}, 
	year = {2021}, 
	url = {https://github.com/mn416/QPULib}, 
	note = {Accessed: 2024-01-30} 
}

@techreport{videocoreiv, 
	title = {VideoCore\textsuperscript{\textregistered} IV 3D Architecture Reference Guide}, 
	author = {Broadcom Corporation}, 
	institution = {Broadcom Corporation}, 
	year = {2013}, 
	type = {Technical Report}, 
	number = {VideoCoreIV-AG100-R}, 
	url = {https://docs.broadcom.com/doc/12358545} 
}

@misc{torvalds_linux_2024,
  author = {Torvalds, Linus},
  title = {linux/drivers/gpu/drm/v3d},
  url = {https://github.com/torvalds/linux/tree/master/drivers/gpu/drm/v3d},
  year = {2024},
  note = {Accessed: 2024-01-30}
}

@misc{external-mesa,
  title = {external-mesa/src/gallium/drivers/v3d at master · intel/external-mesa},
  author = {intel},
  year = {2024},
  url = {https://github.com/intel/external-mesa/tree/master/src/gallium/drivers/v3d},
  note = {Accessed: 2024-01-30}
}

@misc{linux_kernel_2024,
  title = {The Linux Kernel 6.7.0},
  author = {The kernel development community},
  url = {https://www.kernel.org/doc/html/latest/gpu/v3d.html},
  year = {2024},
  note = {Accessed: 2024-02-02}
}

@misc{patent:2011,
  title = {Shader processor with closely-coupled peripherals},
  author = {James, Simon and Jones, Gareth and Latham, Robert and Flanagan, David and Luke, Tim},
  year = {2011},
  month = {09},
  day = {22},
  howpublished = {US Patent US20110227920A1},
  note = {Available at [USPTO] Accessed: 2024-02-02}
}

@misc{videocoreiv_herman,
  author = {hermanhermitage},
  title = {videocoreiv: Tools and information for the Broadcom VideoCore IV (RaspberryPi)},
  year = {2024},
  howpublished = {\url{https://github.com/hermanhermitage/videocoreiv}},
  note = {Accessed: 2024-02-05}
}

@misc{bcm2711, 
	title = {BCM2711 ARM Peripherals}, 
	author = {Broadcom Europe Ltd. and Raspberry Pi Ltd.}, 
	year = {2022}, 
	url = {https://datasheets.raspberrypi.com/bcm2711/bcm2711-peripherals.pdf}, 
	note = {Accessed: 2024-02-06} 
}

@techreport{ARM2021, 
	author = {ARM Limited}, 
	title = {ARM Cortex-A72 MPCore Processor Technical Reference Manual}, 
	institution = {ARM Limited}, 
	year = {2021}, 
	url = {https://developer.arm.com/documentation/100095/0003/} 
}

@misc{raspberrypi2024,
  title = {Processors},
  author = {Raspberry Pi},
  year = {2024},
  url = {https://www.raspberrypi.org/documentation/hardware/raspberrypi/processors/README.md},
  note = {Accessed: 2024-02-07}
}


